
@article{Ritchie2015,
   Author = {Ritchie, Marylyn D. and Holzinger, Emily R. and Li, Ruowang and Pendergrass, Sarah A. and Kim, Dokyoon},
   Journal = {Nature Reviews Genetics},
   Month = {01},
   Title = {Methods of integrating data to uncover genotype--henotype interactions},
   Volume = {16},
   Year = {2015}
}

@article{Hotelling1933,
  title    = "Analysis of a complex of statistical variables into principal components",
  author   = "Hotelling, H.",
  journal  = "Journal of Educational Psychology",
  volume   =  24,
  number   =  6,
  pages    = "417-441",
  year     =  1933
}

@article{Ringner2008,
  title     = "What is principal component analysis?",
  author    = "Ringner, Markus",
  journal   = "Nature Biotechnology",
  publisher = "Nature Publishing Group",
  volume    =  26,
  pages     = "303",
  year      =  2008
}

@article{Hotteling1936,
    author = {Hotelling, Harold},
    title = "{Relations between two sets of variates}",
    journal = {Biometrika},
    volume = {28},
    number = {3-4},
    pages = {321-377},
    year = {1936}
}

@TECHREPORT{Bach2005,
    author = {Francis R. Bach and Michael I. Jordan},
    title = {A probabilistic interpretation of canonical correlation analysis},
    year = {2005}
}


@article{Argelaguet2021,
  Author = {Argelaguet, Ricard and Cuomo, Anna S. E. and Stegle, Oliver and Marioni, John C.},
  Journal = {Nature Biotechnology},
  Title = {Computational principles and challenges in single-cell data integration},
  Year = {2021}
}
